
@online{uthLibGuidesZoteroUsing,
  title = {{{LibGuides}}: {{Zotero}}: {{Using Zotero}} with {{LaTeX}}},
  shorttitle = {{{LibGuides}}},
  author = {Uth, Charles W.},
  url = {https://guides.library.iit.edu/c.php?g=720120&p=6296986},
  urldate = {2021-07-01},
  abstract = {How to use Zotero for citation management.},
  file = {C\:\\Users\\PC Paul\\Zotero\\storage\\76HTNDYF\\c.html},
  langid = {english}
}


