@book{bruce2017practical,
  title={Practical statistics for data scientists: 50 essential concepts},
  author={Bruce, Peter and Bruce, Andrew},
  year={2017},
  publisher={" O'Reilly Media, Inc."}
}

@book{hogg,
  title={Introduction to mathematical statistics},
  author={Hogg, Robert V and McKean, Joseph and Craig, Allen T},
  year={2005},
  publisher={Pearson Education}
}
@book{illowsky2018introductory,
  title={Introductory statistics},
  author={Illowsky, Barbara and Dean, Susan},
  year={2018},
  publisher={OpenStax}
}
@book{deisenroth,
  title={Mathematics for machine learning},
  author={Deisenroth, Marc Peter and Faisal, A Aldo and Ong, Cheng Soon},
  year={2020},
  publisher={Cambridge University Press}
}
@book{montgomery2010applied,
  title={Applied statistics and probability for engineers},
  author={Montgomery, Douglas C and Runger, George C},
  year={2010},
  publisher={John Wiley \& Sons}
}
@online{symbolab,
  title = {Symbolab math solver - step by step calculator},
  publisher={Eqsquest Ltd.},
  url = {https://www.symbolab.com/},
  urldate = {2021-07-15}
}
@online{dawkins, 
 url={https://tutorial.math.lamar.edu/classes/calcii/polarcoordinates.aspx}, 
 title={Calculus II - polar coordinates}, 
 author={Dawkins, Paul},
 urldate = {2021-07-28}
} 
@book{larsen2005introduction,
  title={An introduction to mathematical statistics},
  author={Larsen, Richard J and Marx, Morris L},
  year={2005},
  publisher={Prentice Hall}
}
@online{nist,
  title = {1.3.6.7.4. Critical Values of the Chi-Square Distribution},
  publisher={NIST/SEMATECH e-Handbook of Statistical Methods},
  year = {2013},
  url = {https://www.itl.nist.gov/div898/handbook/eda/section3/eda3674.htm},
  urldate = {2021-07-30}
}
@online{freepvalue,
  title = {p-Value Calculator for a Chi-Square Test},
  author={Daniel Soper},
  year = {2021},
  url = {https://www.danielsoper.com/statcalc/calculator.aspx?id=11},
  urldate = {2021-07-30}
}
@MISC{wolfalph,
  publisher = {Wolfram Alpha LLC},
  YEAR = {2021}
  url = {https://www.wolframalpha.com/[last access: 30.07.2021])}
}